<?xml version="1.0" encoding="UTF-8"?><collection xmlns="http://www.loc.gov/MARC21/slim"><record><leader>00437nam--2200133-i-4500</leader><controlfield tag="001">000049469</controlfield><controlfield tag="002">20161230</controlfield><controlfield tag="005">20161230201047</controlfield><controlfield tag="008">060222s1000------------r-----000-0-eng-d</controlfield><datafield ind1=" " ind2=" " tag="080"><subfield code="a">681.325</subfield></datafield><datafield ind1=" " ind2=" " tag="100"><subfield code="a">Aleksenko,A.G.,Galicyn,A.A. I Ivannikov,A.D</subfield></datafield><datafield ind1=" " ind2=" " tag="245"><subfield code="a">Proektirovanie radioelektronnoi apparatury na mikroprocessorah. programmirovanie tipovye resheniia, metody otladki</subfield></datafield><datafield ind1=" " ind2=" " tag="260"><subfield code="a">Moskva, Radio I Sviaz, 1984. 272 S</subfield></datafield><datafield ind1=" " ind2=" " tag="852"><subfield code="a">71933</subfield></datafield></record></collection>